% Examples from https://verbosus.com/bibtex-style-examples.html


@techreport{task_src1,
	type = {Standard},
	key = {ISO 3690:2013},
	month = may,
	year = {2013},
	title = {Programming Languages — C++},
	url = { http://www.open-std.org/jtc1/sc22/wg21/docs/papers/2013/n3690.pdf },
	pagetotal = { 1374 },
	hyphenation = {english}
}

@Online{task_src2,
	title= { C++ Standard Library headers },
	url =          { https://en.cppreference.com/w/cpp/header },
	urldate =      {2020-06-10},
	hyphenation =     {english}
}


@Online{src1,
	title= {State of the IoT 2018: Number of IoT devices now at 7B – Market accelerating},
	url =          {https://iot-analytics.com/state-of-the-iot-update-q1-q2-2018-number-of-iot-devices-now-7b/},
	urldate =      {2020-06-10},
	hyphenation =     {english}
}

@Online{src2,
	title= {Internet Of Things (iot)},
	url =          {https://www.gartner.com/en/information-technology/glossary/internet-of-things},
	urldate =      {2020-06-10},
	hyphenation =     {english}
}

@ARTICLE{src3,
  author   = {Н.Б. Беклемищева and В.Г. Жуков and К.Д. Михайлов },
  title    = {О некоторых вопросах информационной безопасности медицинских устройств},
  journal  = {Актуальные проблемы авиации и космонавтики},
  year     = {2017},
  number   = {13},
  hyphenation = {russian}
}

@Online{src4,
	title= { Government response to the Regulatory proposals for consumer Internet of Things (IoT) security consultation },
	url =          { https://www.gov.uk/government/consultations/consultation-on-regulatory-proposals-on-consumer-iot-security/outcome/government-response-to-the-regulatory-proposals-for-consumer-internet-of-things-iot-security-consultation },
	urldate =      {2020-06-10},
	hyphenation =     {english}
}

@Online{src5,
	title= { Интернет вещдоков. Власти разработали концепцию развития сетей IoT },
	url =          { https://www.kommersant.ru/doc/3924324 },
	urldate =      {2020-06-10},
	hyphenation =     {russian}
}

@Online{src6,
	title= { Защита для чайников. Интернет вещей хотят обезопасить от кибератак },
	url =          { https://rg.ru/2016/10/13/evrokomissiia-predlozhila-zashchitit-internet-veshchej-ot-kiberatak.html },
	urldate =      {2020-06-10},
	hyphenation =     {russian}
}

@Online{src7,
	title= { HP Study Reveals 70 Percent of Internet of Things Devices Vulnerable to Attack },
	url =          { https://www8.hp.com/us/en/hp-news/press-release.html?id=1744676 },
	urldate =      {2020-06-10},
	hyphenation =     {english}
}

% Chapter 1

@BOOK{src8,
	author    = {В. В. Ященко}, 
	title     = {Введение в криптографию},
	publisher = {МЦНМО},
	year      = {2012},
	address   = {Москва},
	edition   = {4},
	pagetotal = {348},
	isbn      = {9785443900261},
	hyphenation  = {russian}
}

@Online{src9,
	title= { Информация -- Большая советская энциклопедия },
	url =          { https://gufo.me/dict/bse/%D0%98%D0%BD%D1%84%D0%BE%D1%80%D0%BC%D0%B0%D1%86%D0%B8%D1%8F },
	urldate =      {2020-06-10},
	hyphenation =     {russian}
}

@Online{src10,
	title= { ГОСТ Р 50922-2006. Защита информации. Основные термины и определения },
	url =          { http://docs.cntd.ru/document/gost-r-50922-2006 },
	urldate =      {2020-06-10},
	hyphenation =     {russian}
}

@Online{src11,
	title= { ГОСТ Р 53114-2008 },
	url =          { http://docs.cntd.ru/document/gost-r-53114-2008 },
	urldate =      {2020-06-10},
	hyphenation =     {russian}
}

@BOOK{src12,
	author    = {А.И. Музыкантский and В.В. Фурин}, 
	title     = {Лекции по криптографии},
	publisher = {МЦНМО},
	year      = {2013},
	address   = {Москва},
	edition   = {2},
	pagetotal = {68},
	isbn      = {9785443900865},
	hyphenation  = {russian}
}

@BOOK{src13,
	author    = {Friedrich L. Bauer}, 
	title     = {Decrypted Secrets: Methods and Maxims of Cryptology},
	publisher = {Springer},
	year      = {2007},
	address   = {Berlin},
	edition   = {4},
	pagetotal = {555},
	isbn      = {9783540245025},
	hyphenation  = {english}
}

@Online{src14,
	title= { Secrecy (Obscurity) is a Valid Security Layer },
	url =          { https://danielmiessler.com/study/security-by-obscurity/ },
	urldate =      {2020-06-10},
	hyphenation =     {english}
}

@BOOK{src15,
	author    = {Bruce Schneier}, 
	title     = {Applied Cryptography, Second Edition: Protocols, Algorthms, and Source Code in C (cloth)},
	publisher = {John Wiley and Sons, Inc},
	year      = {1996},
	edition   = {1},
	month     = {1},
	pagetotal = {1027},
	isbn      = {0471128457},
	hyphenation  = {english}
}

@Online{src16,
	title= { VeriChip RFID Implants in Mexican Attorney General's Office Overstated },
	url =          { https://www.webcitation.org/5wa3VneDo?url=http://www.spychips.com/press-releases/mexican-implant-correction.html },
	urldate =      {2020-06-10},
	hyphenation =     {english}
}

@BOOK{src17,
	author    = { Маниш Бхуптани and Шахрам Морадпур }, 
	translator = { Н. Троицкий },
	title     = { RFID-технологии на службе вашего бизнеса  },
	publisher = { Альпина Паблишер },
	year      = { 2007 },
	address   = { Москва },
	pagetotal = { 290 },
	isbn      = { 5961404218 },
	hyphenation  = { russian }
}

@Online{src18,
	title= { The 5-Cent RFID Tag },
	url =          { https://www.rfidjournal.com/the-5-cent-rfid-tag },
	urldate =      {2020-06-10},
	hyphenation =     {english}
}

@BOOK{src19,
	author    = { Сэмюэл Грингард }, 
	translator = { М. Трощенко },
	title     = { Интернет вещей: Будущее уже здесь },
	publisher = { Альпина Паблишер },
	year      = { 2017 },
	address   = { Москва },
	pagetotal = { 188 },
	isbn      = { 9785961464726 },
	hyphenation  = { russian }
}

@article{src20,
	author  = { Muhammad Burhan and Rana Asif Rehman and Byung-Seo Kim and Bilal Khan }, 
	title   = { IoT Elements, Layered Architectures and Security Issues: A Comprehensive Survey },
	journal = { Sensors  },
	year    = { 2018 },
	month   = { 8 },
	hyphenation  = { english }
}

@inproceedings{src21,
	author = { Thanassis Giannetsos and Tassos Dimitriou and Neeli Prasad },
	year = {2010},
	month = {04},
	pages = {},
	title = {Weaponizing Wireless Networks: An Attack Tool for Launching Attacks against Sensor Networks},
	hyphenation  = { english }
}

% Chapter 2

@Online{src22,
	title= { RFID Viruses and Worms },
	url =          { http://www.rfidvirus.org/ },
	urldate =      {2020-06-10},
	hyphenation =     {english}
}

@BOOK{src23,
	author    = { Олег Николаевич Жданов and Вячеслав Владимирович Золотарев }, 
	title     = { Методы и средства криптографической защиты информации: Учебное пособие },
	publisher = { СибГАУ },
	year      = { 2007 },
	address   = { Красноярск },
	pagetotal = { 217 },
	hyphenation  = { russian }
}

@techreport{src24,
	type = {Standard},
	key = { ISO/IEC 18000-3:2004 },
	year = {2004},
	title = { Information technology - Radio frequency identification for item management – Part 3: Parameters for air interface communications at 13.56 MHz },
	hyphenation = {english}
}

@inproceedings{src25,
	author    = { C. Manifavas and G. Hatzivasilis and K. Fysarakis and K. Rantos }, 
	title = {Lightweight Cryptography for Embedded Systems  A Comparative Analysis},
	year = {2013},
	isbn = {9783642545672},
	publisher = {Springer-Verlag},
	address = {Berlin, Heidelberg},
	url = {https://doi.org/10.1007/978-3-642-54568-9_21},
	doi = {10.1007/978-3-642-54568-9_21},
	booktitle = {Revised Selected Papers of the 8th International Workshop on Data Privacy Management and Autonomous Spontaneous Security - Volume 8247},
	pages = {333–349},
	numpages = {17},
	hyphenation = {english}
}

@techreport{src26,
	type = {Standard},
	key = { ISO/ IEC FDIS 29192 },
	year = {2012},
	title = { Information technology – Security techniques – Lightweight cryptography },
	hyphenation = {english}
}

@ARTICLE{src27,
	author   = { Алексей Евгеньевич Жуков },
	title    = { Легковесная криптография },
	journal  = { Вопросы кибербезопасности },
	year     = { 2015 },
	number   = { 1 },
	pages = {26 - 43},
	hyphenation = {russian}
}

@Online{src28,
	title= { Как Kerberos защищает от атак с повторением пакетов },
	url =          { https://www.osp.ru/winitpro/2014/03/13039728/ },
	urldate =      {2020-06-10},
	hyphenation =     {russian}
}

@article{src29,
	author = { Simon Heimlicher and Pavan Nuggehalli and Martin May },
	year = {2007},
	month = {12},
	pages = {59-60},
	title = {End-to-end vs. hop-by-hop transport},
	volume = {35},
	journal = {SIGMETRICS Performance Evaluation Review},
	doi = {10.1145/1328690.1328716},
	hyphenation =     {english}
}

@article{src30,
	author = { George Hatzivasilis and Konstantinos Fysarakis and Ioannis Papaefstathiou and Harry Manifavas },
	year = {2017},
	month = {04},
	pages = {1-44},
	title = {A review of lightweight block ciphers},
	volume = {8},
	journal = {Journal of Cryptographic Engineering},
	doi = {10.1007/s13389-017-0160-y},
	hyphenation =     {english}
}

@conference{src31,
	author    = { Emilia Käsper and Peter Schwabe }, 
	title     = { Faster and Timing-Attack Resistant AES-GCM },
	year = {2009},
	organization = {CHES},
  	pages        = {1-17},
  	hyphenation  = { english }
}

@conference{src32,
	author    = { B. Preneel }, 
	title     = { Perspectives on Lightweight Cryptography },
	year = {2010},
	organization = {Inscript},
	pages        = {1-17},
  	hyphenation  = { english }
}

@conference{src33,
	author    = { A. Hodjat and I. Verbauwhede }, 
	title     = { Minimum Area Cost for a 30 to 70 Gbits/s AES Processor },
	year = {2004},
	organization = {In IEEE Computer Society Annual Symposium on VLSI (ISVLSI)},
	pages        = {498–502},
	hyphenation  = { english }
}

@conference{src34,
	author    = { A. Moradi and A. Poschmann and S. Ling and C. Paar and H. Wang }, 
	title     = { Pushing the Limits: A Very Compact and a Threshold Implementation of AES },
	year = {2011},
	organization = {EUROCRYPT },
	pages        = {69-88},
	hyphenation  = { english }
}

@conference{src35,
	author    = { P. Junod }, 
	title     = { On the Complexity of Matsui’s Attack, Selected Areas in Cryptography },
	year = {2001},
	organization = {SAC},
	pages        = {199-211},
	hyphenation  = { english }
}

@conference{src36,
	author    = { G. Leander and C. Paar and A. Poschmann and K. Schramm }, 
	title     = { New Lightweight DES Variants },
	year = { 2007 },
	organization = {Fast Software Encryption (FSE)},
	pages        = {196-210},
	hyphenation  = { english }
}

@conference{src37,
	author    = { Toru Akishita and Harunaga Hiwatari }, 
	title     = { Very Compact Hardware Implementations of the Blockcipher CLEFIA },
	year = { 2011 },
	organization = {Selected Areas in Cryptography (SAC)},
	pages        = {278-292},
	hyphenation  = { english }
}

@conference{src38,
	author    = { C. Texcan }, 
	title     = { The Improbable Differential Attack: Cryptanalysis of Reduced Round CLEFIA },
	year = { 2010 },
	organization = {INDOCRYPT},
	pages        = {197-209},
	hyphenation  = { english }
}

@conference{src39,
	author    = { C. Rolfes and A. Poschmann and G. Leander and C. Paar }, 
	title     = { Ultra-lightweight implementations for smart devicessecurity for 1000 gate equivalents },
	year = { 2008 },
	organization = { Smart Card Research and Advanced Applications, LNCS },
	pages        = {89-103},
	hyphenation  = { english }
}

@conference{src40,
	author    = { M. Renauld and F.-X. Standaert }, 
	title     = { Algebraic side-channel attacks },
	year = { 2009 },
	organization = { IACR Cryptology ePrint Archive },
	pages        = {279},
	hyphenation  = { english }
}

@conference{src41,
	author    = { L. Yang and M. Wang and S. Qiao }, 
	title     = { Side channel cube attack on PRESENT },
	year = { 2009 },
	organization = { Cryptology and Network Security (CANS), LNCS },
	pages        = {379-391},
	hyphenation  = { english }
}

@conference{src42,
	author    = { O. Ozen and K. Varici and C. Tezcan and C. Kocair }, 
	title     = { Lightweight Block Ciphers Revisited: Cryptanalysis of Reduced Round PRESENT and HIGHT },
	year = { 2009 },
	organization = { Information Security and Privacy, LNCS },
	pages        = {90-107},
	hyphenation  = { english }
}

@conference{src43,
	author    = { K. Jeong and Y. Lee and J. Sung and S. Hong }, 
	title     = { Improved differential fault analysis on PRESENT-80/128 },
	year = { 2013 },
	organization = { International Journal of Computer Mathematics },
	pages        = {2553-2563},
	hyphenation  = { english }
}

@conference{src44,
	author    = { C. Blondeau and K. Nyberg }, 
	title     = { Links between truncated differential and multidimensional linear properties of block ciphers and underlying attack complexities },
	year = { 2014 },
	organization = { EUROCRYPT },
	pages        = {165-182},
	hyphenation  = { english }
}

@CONFERENCE{src45,
	author       = { Christophe Cannière and Orr Dunkelman and Miroslav Knežević }, 
	title        = { Katan and Ktantan —A Family of Small and Efficient Hardware-Oriented Block Ciphers },
	year         = {2009},
	address      = {Lausanne, Switzerland},
	month        = {9},
	organization = { Cryptographic Hardware and Embedded Systems (CHES) },
	hyphenation     = {english}
}

@CONFERENCE{src46,
	author       = { D. Watanabe and K. Okamoto and T. Kaneko }, 
	title        = { A Hardware-Oriented Light Weight Pseudo-Random Number Generator Enocoro-128v2 (in Japanese) },
	year         = { 2010 },
	organization = { The Symposium on Cryptography and Information Security, SCIS },
	hyphenation     = {english}
}

@TECHREPORT{src47,
	author       = { C. D. Canniere and B. Preneel },
	title        = { TRIVIUM - a stream cipher construction inspired by block cipher design principles },
	institution  = { eStream, ECRYPT Stream Cipher Project },
	year         = { 2005 },
	number       = { 2005/030 },
	hyphenation     = {english}
}

@CONFERENCE{src48,
	author       = { T. Good and M. Benaissa }, 
	title        = { Hardware Results for selected Stream Cipher Candidates },
	year         = {2007},
	month        = { 2 },
	organization = { State of the Art of Stream Ciphers (SASC) },
	hyphenation     = {english}
}

@CONFERENCE{src49,
	author       = { N. Mentens and J. Genoe and B. Preneel and I. Verbauwhede }, 
	title        = { A Low-cost Implementation of Trivium },
	year         = {2008},
	organization = { State of the Art of Stream Ciphers (SASC) },
	hyphenation     = {english}
}

@BOOK{src50,
	author    = { И. М. Голдовский }, 
	title     = { Банковские микропроцессорные карты },
	publisher = { Альпина Паблишер },
	year      = { 2010 },
	address   = { Москва },
	pagetotal = { 686 },
	isbn      = { 9785961456462 },
	hyphenation  = {russian}
}

@inproceedings{src51,
	author = {Poschmann, Axel and Robshaw, Matthew and Vater, Frank and Paar, Christof},
	year = {2009},
	month = {01},
	pages = {129-145},
	title = {Lightweight Cryptography and RFID: Tackling the Hidden Overheads},
	volume = {5984},
	doi = {10.1007/978-3-642-14423-3_10}
}

@inproceedings{src52,
	author = {Bogdanov, Andrey and Leander, Gregor and Paar, Christof and Poschmann, Axel and Robshaw, Matt and Seurin, Yannick},
	year = {2008},
	month = {08},
	pages = {283-299},
	title = {Hash functions and RFID tags: Mind the gap},
	volume = {5154},
	doi = {10.1007/978-3-540-85053-3_18}
}

% Chapter 3

@article{src53,
	author={ С. М. Авдошин and А. А. Савельева},
	title={ Криптоанализ и криптография: история противостояния },
	journal={ Бизнес-информатика },
	year={ 2009 },
	number   = {2},
  	hyphenation     = { russian }
}

@article{src54,
	author={ П.И. Тутубалин and А.П. Кирпичников},
	title={ Оценка криптографической стойкости алгоритмов асимметричного шифрования },
	journal={ Вестник Казанского технологического университета },
	year={ 2017 },
	number   = {10},
	hyphenation     = { russian }
}

@article{src55,
	author={ Юрий Олегович Чернышев and Сергеевич Сергеев Александр and Николай Николаевич Венцов and Александр Николаевич Рязанов},
	title={ Исследование возможности применения генетических алгоритмов для реализации криптоанализа блочных криптосистем },
	journal={  Вестник ДГТУ },
	year={ 2015 },
	number   = {3 (82)},
	hyphenation     = { russian }
}

@article{src56,
	author={ Людмила Климентьевна Бабенко and Евгения Александровна Ищукова },
	title={ Анализ симметричных криптосистем },
	journal={ Известия ЮФУ. Технические науки },
	year={ 2012 },
	number   = {12 (137)},
	hyphenation     = { russian }
}

@article{src57,
	author={ Юрий Глебович Карпов and Петр Владимирович Трифонов },
	title={ Сложность алгоритмов и программ },
	journal={ КИО },
	year={ 2007 },
	number   = {6},
	hyphenation     = { russian }
}

@Online{src58,
	title= { Встроенные системы – регистры },
	url =          { https://coderlessons.com/tutorials/akademicheskii/izuchite-vstroennye-sistemy/vstroennye-sistemy-registry },
	urldate =      {2020-06-10},
	hyphenation =     {russian}
}

@Online{src59,
	title= { Реализация Задержки в AVR assembler без таймеров },
	url =          {  https://habr.com/ru/post/167319/ },
	urldate =      {2020-06-10},
	hyphenation =     {russian}
}

@Online{src60,
	title= { Lists of instruction latencies, throughputs and micro-operation breakdowns for Intel, AMD, and VIA CPUs },
	url =          {  https://www.agner.org/optimize/instruction_tables.pdf },
	urldate =      {2020-06-10},
	hyphenation =     {english}
}

@Online{src61,
	title= { C/C++: как измерять процессорное время },
	url =          {  https://habr.com/ru/post/282301/ },
	urldate =      {2020-06-10},
	hyphenation =     {russian}
}

@Online{src62,
	title= { CPU Hyper-Threading },
	url =          {  http://www.nastrojkabios.ru/protsessor/cpu-hyper-threading.html },
	urldate =      {2020-06-10},
	hyphenation =     {russian}
}

@Online{src63,
	title= { How to Turn Down the CPU Speed in Your BIOS },
	url =          {  https://smallbusiness.chron.com/turn-down-cpu-speed-bios-71566.html },
	urldate =      {2020-06-10},
	hyphenation =     { english }
}

@BOOKLET{src64,
	title        = {Обработка результатов учебного эксперимента},
	author       = {П.В. Попов and А.А. Нозик}, 
	month        = {9},
	year         = {2018},
	pagetotal = {63},
	url =          {  http://npm.mipt.ru/books/lab-intro/main.pdf },
	urldate =      {2020-06-10},
	hyphenation     = {russian}
}

@article{src65,
	author={ Константин Михайлович Ханкин },
	title={ Оценка влияния аппаратных технологий энергосбережения персонального компьютера на производительность и энергопотребление },
	journal={  Вестник ЮУрГУ. Серия: Компьютерные технологии, управление, радиоэлектроника },
	year={ 2012 },
	number   = {23},
	hyphenation     = { russian }
}

@Online{src66,
	title= { Система измерения потребляемой процессором мощности своими руками },
	url =          {  https://www.overclockers.ua/cpu/cpu-power/ },
	urldate =      {2020-06-10},
	hyphenation =     { russian }
}

@Online{src67,
	title= { Методика измерения энергопотребления при тестировании процессоров iXBT.com },
	url =          {  https://www.ixbt.com/cpu/cpu-power-measurement.shtml },
	urldate =      {2020-06-10},
	hyphenation =     { russian }
}

@Online{src68,
	title= { Блоки питания стандарта EPS12V },
	url =          {  http://al-tm.ru/stati/stati-po-blokam-pitaniya/bloki-pitaniya-standarta-eps12v },
	urldate =      {2020-06-10},
	hyphenation =     { russian }
}

@Online{src69,
	title= { Загрузка процессора — программы и советы },
	url =          {  https://www.softsalad.ru/articles/best-programms/cpu-viewer-software },
	urldate =      {2020-06-10},
	hyphenation =     { russian }
}

@Online{src70,
	title= { Загрузка процессора — программы и советы },
	url =          {  https://www.softsalad.ru/articles/best-programms/cpu-viewer-software },
	urldate =      {2020-06-10},
	hyphenation =     { russian }
}

@article{src71,
	author={ Константин Михайлович Ханкин },
	title={  О методе оценки соответствия энергозатратности вычислительной задачи требованиям к энергопотреблению и его реализации с помощью StarPU },
	journal={ Вестник ЮУрГУ. Серия: Компьютерные технологии, управление, радиоэлектроника },
	year={2013},
	number   = {1},
	hyphenation     = {russian},
}

@Online{src72,
	title= { Github - Crypto Implementations - aes.c },
	url =          {  https://github.com/chrishulbert/crypto/blob/master/c/c_aes.c },
	urldate =      {2020-06-10},
	hyphenation =     { english }
}

@Online{src73,
	title= { Github - C program for AES },
	url =          {  https://github.com/devershichandra27/C-implementation-of-AES },
	urldate =      {2020-06-10},
	hyphenation =     { english }
}


